


@article{MIMICIV_paper,
  author = {Johnson, Alistair E. W. and Bulgarelli, Lucas and Shen, Lu and et al.},
  title = {{MIMIC-IV, a freely accessible electronic health record dataset}},
  journal = {Scientific Data},
  year = {2023},
  volume = {10},
  number = {1},
  url = {https://www.nature.com/articles/s41597-022-01899-x}
}

@misc{MIMICIV_dataset,
  author = {Johnson, Alistair and Bulgarelli, Lucas and Pollard, Tom and Gow, Brian and Moody, Benjamin and Horng, Steven and Celi, Leo Anthony and Mark, Roger},
  title = {{MIMIC-IV (version 3.1)}},
  year = {2024},
  publisher = {PhysioNet},
  url = {https://physionet.org/content/mimiciv/3.1/},
}

@article{PhysioNet_paper,
  author = {Goldberger, Ary L. and Amaral, Lu\'{i}s A. N. and Glass, Leon and Hausdorff, Jeffrey M. and Ivanov, Plamen Ch. and Mark, Roger G. and Mietus, Joseph E. and Moody, George B. and Peng, Chung-Kang and Stanley, H. Eugene},
  title = {{PhysioBank, PhysioToolkit, and PhysioNet: Components of a new research resource for complex physiologic signals}},
  journal = {Circulation},
  year = {2000},
  volume = {101},
  number = {23},
  pages = {e215-e220},
  url = {https://www.ahajournals.org/doi/full/10.1161/01.CIR.101.23.e215}
}
